%YAML 1.1
%TAG !u! tag:unity3d.com,2011:
--- !u!1 &107240
GameObject:
  m_ObjectHideFlags: 0
  m_PrefabParentObject: {fileID: 0}
  m_PrefabInternal: {fileID: 100100000}
  serializedVersion: 4
  m_Component:
  - 4: {fileID: 496232}
  - 114: {fileID: 11472134}
  - 114: {fileID: 11463292}
  m_Layer: 0
  m_Name: SpawnPoint_Level1_Back_Large
  m_TagString: Untagged
  m_Icon: {fileID: 0}
  m_NavMeshLayer: 0
  m_StaticEditorFlags: 0
  m_IsActive: 1
--- !u!4 &496232
Transform:
  m_ObjectHideFlags: 1
  m_PrefabParentObject: {fileID: 0}
  m_PrefabInternal: {fileID: 100100000}
  m_GameObject: {fileID: 107240}
  m_LocalRotation: {x: 0, y: 0, z: 0, w: 1}
  m_LocalPosition: {x: 0, y: -3.66, z: 0}
  m_LocalScale: {x: 1, y: 1, z: 1}
  m_Children: []
  m_Father: {fileID: 0}
  m_RootOrder: 0
--- !u!114 &11463292
MonoBehaviour:
  m_ObjectHideFlags: 1
  m_PrefabParentObject: {fileID: 0}
  m_PrefabInternal: {fileID: 100100000}
  m_GameObject: {fileID: 107240}
  m_Enabled: 1
  m_EditorHideFlags: 0
  m_Script: {fileID: 11500000, guid: 36093ebb2bf3f0e41b5145e7fdeadd66, type: 3}
  m_Name: 
  m_EditorClassIdentifier: 
  color: {r: 0, g: 1, b: 0, a: 1}
--- !u!114 &11472134
MonoBehaviour:
  m_ObjectHideFlags: 1
  m_PrefabParentObject: {fileID: 0}
  m_PrefabInternal: {fileID: 100100000}
  m_GameObject: {fileID: 107240}
  m_Enabled: 1
  m_EditorHideFlags: 0
  m_Script: {fileID: 11500000, guid: 926d89f7d7ebcb048b8fdb3b45a6f305, type: 3}
  m_Name: 
  m_EditorClassIdentifier: 
  decalPrefab: {fileID: 172592, guid: 0bef6d645ead8e84aba1bbc9f1372121, type: 2}
  image:
  - scale: 1
    sprite: {fileID: 21300000, guid: 48b2201dabc0a10448b64f2ecfd261f8, type: 3}
  - scale: 1
    sprite: {fileID: 21300002, guid: 48b2201dabc0a10448b64f2ecfd261f8, type: 3}
  - scale: 1
    sprite: {fileID: 21300004, guid: 48b2201dabc0a10448b64f2ecfd261f8, type: 3}
  - scale: 1
    sprite: {fileID: 21300006, guid: 48b2201dabc0a10448b64f2ecfd261f8, type: 3}
  generated: []
  generationContainer: {fileID: 0}
  generateUniques: 1
  minDistanceInGeneration: 2
  rangeFrom: {x: -8, y: 0}
  rangeTo: {x: 8, y: 0.1}
  zLevel: 3
  scale: 1.6
  minChance: 4
  maxChance: 4
--- !u!1001 &100100000
Prefab:
  m_ObjectHideFlags: 1
  serializedVersion: 2
  m_Modification:
    m_TransformParent: {fileID: 0}
    m_Modifications: []
    m_RemovedComponents: []
  m_ParentPrefab: {fileID: 0}
  m_RootGameObject: {fileID: 107240}
  m_IsPrefabParent: 1
